<?xml version="1.0" encoding="UTF-8"?><collection xmlns="http://www.loc.gov/MARC21/slim"><record><leader>00611nam--2200181-i-4500</leader><controlfield tag="001">000032870</controlfield><controlfield tag="002">20161230</controlfield><controlfield tag="005">20161230201039</controlfield><controlfield tag="008">060222s1000------------r-----000-0-eng-d</controlfield><datafield ind1=" " ind2=" " tag="040"><subfield code="a">IFIN-HH</subfield></datafield><datafield ind1=" " ind2=" " tag="080"><subfield code="a">539.2</subfield></datafield><datafield ind1="1" ind2=" " tag="100"><subfield code="a">Alder, Berni</subfield></datafield><datafield ind1="1" ind2="0" tag="245"><subfield code="a">Methods in computational physics. advances in research and applications. volume 15. vibrational properties of solids</subfield><subfield code="c">Berni alder, sidney fernbach, maneul rotenberg, (eds.) gideon gilat (volume ed.)</subfield></datafield><datafield ind1=" " ind2=" " tag="260"><subfield code="a">New York</subfield><subfield code="b">Academic Press</subfield><subfield code="c">1976</subfield></datafield><datafield ind1=" " ind2=" " tag="300"><subfield code="a">XI+429P</subfield></datafield><datafield ind1="1" ind2=" " tag="700"><subfield code="a">Gilat, Gideon</subfield><subfield code="e">Ed</subfield></datafield><datafield ind1=" " ind2=" " tag="852"><subfield code="a">19032</subfield><subfield code="c">53.02</subfield></datafield><datafield ind1=" " ind2=" " tag="CAT"><subfield code="a">Sys</subfield><subfield code="c">20151019</subfield><subfield code="h">145431</subfield></datafield></record></collection>